<?xml version="1.0" encoding="UTF-8"?><record xmlns="http://www.loc.gov/MARC21/slim" xmlns:cinclude="http://apache.org/cocoon/include/1.0" xmlns:zs="http://www.loc.gov/zing/srw/">
  <leader>00580cz  a2200157n  4500</leader>
  <controlfield tag="001">n  95041746 </controlfield>
  <controlfield tag="003">DLC</controlfield>
  <controlfield tag="005">20001102070450.0</controlfield>
  <controlfield tag="008">950427n| acannaabn          |a aaa      </controlfield>
  <datafield tag="010" ind1=" " ind2=" ">
    <subfield code="a">n  95041746 </subfield>
  </datafield>
  <datafield tag="035" ind1=" " ind2=" ">
    <subfield code="a">(OCoLC)oca03825217</subfield>
  </datafield>
  <datafield tag="040" ind1=" " ind2=" ">
    <subfield code="a">DLC</subfield>
    <subfield code="b">eng</subfield>
    <subfield code="c">DLC</subfield>
    <subfield code="d">OCoLC</subfield>
  </datafield>
  <datafield tag="100" ind1="1" ind2=" ">
    <subfield code="a">Roca Cubells, Isabel</subfield>
  </datafield>
  <datafield tag="400" ind1="1" ind2=" ">
    <subfield code="a">Cubells, Isabel Roca</subfield>
  </datafield>
  <datafield tag="400" ind1="1" ind2=" ">
    <subfield code="a">Roca, Isabel</subfield>
  </datafield>
  <datafield tag="670" ind1=" " ind2=" ">
    <subfield code="a">La pareja de hecho, 1993:</subfield>
    <subfield code="b">p. 1 of cover (Isabel Roca Cubells) p. [126] (Isabel Roca) p. 4 of cover (Isabel Roca Cubells, an atty. since 1986; member, Constitutional law section, Colegio de Abogados, Barcelona)</subfield>
  </datafield>
</record>